<collection xmlns="http://www.loc.gov/MARC21/slim">
<record>
  <leader>00627nam0a22001451i 450 </leader>
  <controlfield tag="001">IT\ICCU\CNCE\058427</controlfield>
  <controlfield tag="005">20040607000000.0</controlfield>
  <datafield tag="100" ind1=" " ind2=" ">
    <subfield code="a">20040531d1523        0itac0103    ba</subfield>
  </datafield>
  <datafield tag="101" ind1=" " ind2=" ">
    <subfield code="a">ITA</subfield>
  </datafield>
  <datafield tag="102" ind1=" " ind2=" ">
    <subfield code="a">IT</subfield>
  </datafield>
  <datafield tag="200" ind1="1" ind2=" ">
    <subfield code="a">De bene viuendi</subfield>
  </datafield>
  <datafield tag="210" ind1=" " ind2=" ">
    <subfield code="e">Stampato in Saona</subfield>
    <subfield code="g">per Iacopo Berruerio del Mondeu commorante sotto palatio in piasa de herbe</subfield>
    <subfield code="h">1523 a di 8 Septembre</subfield>
  </datafield>
  <datafield tag="215" ind1=" " ind2=" ">
    <subfield code="a">12 c.</subfield>
    <subfield code="d">8ʻ</subfield>
  </datafield>
  <datafield tag="300" ind1=" " ind2=" ">
    <subfield code="a">Eliminata: Iacopo Berruerio non  ̈registrato; a Savona stampavano Giuseppe e Girolamo, all&apos;indirizzo di Piazza delle erbe. Un&apos;ed. monregalese della stessa opera, del 1517,  ̈firmata da Giuseppe e Girolamo</subfield>
  </datafield>
  <datafield tag="801" ind1=" " ind2="3">
    <subfield code="a">IT</subfield>
    <subfield code="b">ICCU</subfield>
    <subfield code="c">20201115</subfield>
  </datafield>
</record>
</collection>
